%----------------------------------------------------------------------------------------
% Literature BibTeX template (English)
% Interactive Graphics and Simulation Group
% University of Innsbruck
%----------------------------------------------------------------------------------------

@inproceedings{Kamal:2007:PCT:1321261.1321264,
  author = {Kamal, K. Raiyan and Uddin, Yusuf Sarwar},
  title = {{P}arametrically {C}ontrolled {T}errain {G}eneration},
  booktitle = {Proceedings of the 5th International Conference on Computer Graphics and Interactive Techniques in Australia and Southeast Asia},
  series = {GRAPHITE '07},
  year = {2007},
  isbn = {978-1-59593-912-8},
  location = {Perth, Australia},
  pages = {17--23},
  numpages = {7},
  url = {http://doi.acm.org/10.1145/1321261.1321264},
  doi = {10.1145/1321261.1321264},
  acmid = {1321264},
  publisher = {ACM},
  address = {New York, NY, USA},
  keywords = {controlled terrain generation, parametric control, terrain generation},
}

@mastersthesis{Viitanen:2012,
  author = {Lauri Viitanen},
  title = {{P}hysically {B}ased {T}errain {G}eneration: {P}rocedural {H}eightmap {G}eneration {U}sing {P}late {T}ectonics},
  type = "{B}.{S}. {T}hesis",
  year = {2012},
  url = {https://publications.theseus.fi/handle/10024/40422},
  publisher = {Theseus},
  keywords = {procedural, terrain, heightmap, generation, fractals, plate,  tectonics, geodynamics},
}

@article{Olsen:2004,
  author = {Jacob Olsen},
  title = {{R}ealtime {P}rocedural {T}errain {G}eneration: {R}ealtime {S}ynthesis of {E}roded {F}ractal {T}errain for {U}se in {C}omputer {G}ames},
  year = {2004},
  location = {Denmark},
}

@inproceedings{Musgrave:1989:SRE:74333.74337,
  author = {Musgrave, F. K. and Kolb, C. E. and Mace, R. S.},
  title = {{T}he {S}ynthesis and {R}endering of {E}roded {F}ractal {T}errains},
  booktitle = {Proceedings of the 16th Annual Conference on Computer Graphics and Interactive Techniques},
  series = {SIGGRAPH '89},
  year = {1989},
  isbn = {0-89791-312-4},
  pages = {41--50},
  numpages = {10},
  url = {http://doi.acm.org/10.1145/74333.74337},
  doi = {10.1145/74333.74337},
  acmid = {74337},
  publisher = {ACM},
  address = {New York, NY, USA},
}

@inproceedings{mei:inria-00402079,
  TITLE = {{F}ast {H}ydraulic {E}rosion {S}imulation and {V}isualization on {GPU}},
  AUTHOR = {Mei, Xing and Decaudin, Philippe and Hu, Bao-Gang},
  URL = {https://hal.inria.fr/inria-00402079},
  BOOKTITLE = {{PG '07 - 15th Pacific Conference on Computer Graphics and Applications}},
  ADDRESS = {Maui, United States},
  EDITOR = {Marc Alexa and Steven J. Gortler and Tao Ju},
  PUBLISHER = {{IEEE}},
  SERIES = {Pacific Graphics 2007},
  PAGES = {47-56},
  YEAR = {2007},
  MONTH = Oct,
  DOI = {10.1109/PG.2007.15},
  PDF = {https://hal.inria.fr/inria-00402079/file/FastErosion_PG07.pdf},
  HAL_ID = {inria-00402079},
  HAL_VERSION = {v1},
}

@article{Fournier:1982:CRS:358523.358553,
  author = {Fournier, Alain and Fussell, Don and Carpenter, Loren},
  title = {{C}omputer {R}endering of {S}tochastic {M}odels},
  journal = {Commun. ACM},
  issue_date = {June 1982},
  volume = {25},
  number = {6},
  month = jun,
  year = {1982},
  issn = {0001-0782},
  pages = {371--384},
  numpages = {14},
  url = {http://doi.acm.org/10.1145/358523.358553},
  doi = {10.1145/358523.358553},
  acmid = {358553},
  publisher = {ACM},
  address = {New York, NY, USA},
  keywords = {fractals, stochastic models, terrain models},
}

@article{Krten:1994,
  author = {Robert Krten},
  title = {{G}enerating {R}ealistic {T}errain},
  year = {1994},
  journal = {Dr. Dobbâ€™s Journal: Software Tools for the Professional Programmer},
  note = {\url{http://www.drdobbs.com/parallel/generating-realistic-terrain/184409269} [Online; accessed October 9, 2016]}
}

@article{Shimrat:1962:APP:368637.368653,
  author = {Shimrat, M.},
  title = {{A}lgorithm 112: {P}osition of {P}oint {R}elative to {P}olygon},
  journal = {Commun. ACM},
  issue_date = {Aug. 1962},
  volume = {5},
  number = {8},
  month = aug,
  year = {1962},
  issn = {0001-0782},
  pages = {434--},
  url = {http://doi.acm.org/10.1145/368637.368653},
  doi = {10.1145/368637.368653},
  acmid = {368653},
  publisher = {ACM},
  address = {New York, NY, USA},
}

@book{Woo:1999:OPG:554539,
  author = {Woo, Mason and Neider, Jackie and Davis, Tom and Shreiner, Dave},
  title = {OpenGL Programming Guide: The Official Guide to Learning OpenGL, Version 1.2},
  year = {1999},
  isbn = {0201604582},
  edition = {3rd},
  publisher = {Addison-Wesley Longman Publishing Co., Inc.},
  address = {Boston, MA, USA},
}

@inproceedings{moller2005fast,
  title={Fast, minimum storage ray/triangle intersection},
  author={M{\"o}ller, Tomas and Trumbore, Ben},
  booktitle={ACM SIGGRAPH 2005 Courses},
  pages={7},
  year={2005},
  organization={ACM}
}

@inproceedings{Reinhard:2002:PTR:566570.566575,
  author = {Reinhard, Erik and Stark, Michael and Shirley, Peter and Ferwerda, James},
  title = {Photographic Tone Reproduction for Digital Images},
  booktitle = {Proceedings of the 29th Annual Conference on Computer Graphics and Interactive Techniques},
  series = {SIGGRAPH '02},
  year = {2002},
  isbn = {1-58113-521-1},
  location = {San Antonio, Texas},
  pages = {267--276},
  numpages = {10},
  url = {http://doi.acm.org/10.1145/566570.566575},
  doi = {10.1145/566570.566575},
  acmid = {566575},
  publisher = {ACM},
  address = {New York, NY, USA},
  keywords = {dynamic range, tone reproduction, zone system},
}

@MISC{POVRay:HeightField,
  author = {POV-Ray},
  title = {Height field},
  booktitle = {POV-Ray Documentation},
  chapter = {2.4.1.5},
  note = {\url{http://www.povray.org/documentation/images/reference/pixhfld.png} [Online; accessed July 29, 2016]},
}

@misc{Allen:1991,
  author = {David Allen},
  title = {cdrift},
  note = {\url{http://markjstock.org/pages/builder.html} [Online; accessed August 19, 2016]},
}

@misc{Franklin:1994,
  author = {W. Randolph Franklin (WRF)},
  title = {{PNPOLY} - {P}oint {I}nclusion in {P}olygon {T}est},
  year = {1994},
  note = {\url{https://www.ecse.rpi.edu/Homepages/wrf/Research/Short_Notes/pnpoly.html} [Online; accessed August 28, 2016]},
}

@article{Moore:1991,
 ISSN = {07468342, 19311346},
 URL = {http://www.jstor.org/stable/2686448},
 author = {Thomas L. Moore},
 journal = {The College Mathematics Journal},
 number = {2},
 pages = {125-130},
 publisher = {Mathematical Association of America},
 title = {Using Euler's Formula to Solve Plane Separation Problems},
 volume = {22},
 year = {1991}
}

@misc{GPUSPH:2008,
  author = {Alexis Hault, Gioseppe Bilotta and Robert A. Dalrymple},
  title = {GPUSPH},
  year = {2008},
  note = {\url{http://www.gpusph.org} [Online; accessed September 4, 2016]}
}

@misc{Darcy,
  author = {Alex Darcy},
  title = {Shallow water simulation with a finite volume scheme},
  note = {\url{https://github.com/alexDarcy/shallow-water}[Online; accessed September 14, 2016]}
}

@misc{Dixon,
  author = {Trevor Dixon},
  title = {Shallow water implementation (Requires three.js)},
  note = {\url{https://gist.github.com/2884377} [Online; accessed September 14, 2016]}
}

@misc{Mahani,
  author = {Saeed Mahani},
  title = {Physics-based simulation final project},
  note = {\url{https://github.com/saeedmahani/SPH-3D-Fluid-Simulation} [Online; accessed September 14, 2016]}
}

@inproceedings{krivstof2009hydraulic,
  title={Hydraulic erosion using smoothed particle hydrodynamics},
  author={Kri{\v{s}}tof, Peter and Bene{\v{s}}, Bedrich and K{\v{r}}iv{\'a}nek, J and {\v{S}}t'ava, Ondrej},
  booktitle={Computer Graphics Forum},
  volume={28},
  number={2},
  pages={219--228},
  year={2009},
  organization={Wiley Online Library}
}

@inproceedings{hoff1999fast,
  title={Fast computation of generalized Voronoi diagrams using graphics hardware},
  author={Hoff III, Kenneth E and Keyser, John and Lin, Ming and Manocha, Dinesh and Culver, Tim},
  booktitle={Proceedings of the 26th annual conference on Computer graphics and interactive techniques},
  pages={277--286},
  year={1999},
  organization={ACM Press/Addison-Wesley Publishing Co.}
}

@misc{ wiki:platetectonics,
  author = "Wikipedia",
  title = "Plate tectonics --- Wikipedia{,} The Free Encyclopedia",
  year = "2016",
  note = "\url{https://en.wikipedia.org/w/index.php?title=Plate_tectonics&oldid=739520055} [Online; accessed 15-September-2016]"
}
